<record><leader>00000cas a22000007a 4500</leader><controlfield tag="001">19639759</controlfield><controlfield tag="008">890501c19uu9999pauwr ne      0    0eng d</controlfield><datafield ind1=" " ind2=" " tag="010"><subfield code="a">sn 89077192 </subfield></datafield><datafield ind1=" " ind2=" " tag="040"><subfield code="a">NPH</subfield><subfield code="b">eng</subfield><subfield code="c">NPH</subfield><subfield code="d">OCLCQ</subfield></datafield><datafield ind1="1" ind2=" " tag="029"><subfield code="a">NZ1</subfield><subfield code="b">16076000</subfield></datafield><datafield ind1=" " ind2=" " tag="042"><subfield code="a">msc</subfield></datafield><datafield ind1="0" ind2=" " tag="130"><subfield code="a">Press and journal (Middletown, Pa. : Elizabethtown ed.)</subfield></datafield><datafield ind1="1" ind2="0" tag="245"><subfield code="a">Press and journal.</subfield></datafield><datafield ind1=" " ind2=" " tag="250"><subfield code="a">Elizabethtown ed.</subfield></datafield><datafield ind1=" " ind2=" " tag="260"><subfield code="a">Middletown, Pa. :</subfield><subfield code="b">Ben F. Graybill</subfield></datafield><datafield ind1=" " ind2=" " tag="300"><subfield code="a">v. :</subfield><subfield code="b">ill. ;</subfield><subfield code="c">58 cm.</subfield></datafield><datafield ind1=" " ind2=" " tag="310"><subfield code="a">Weekly</subfield></datafield><datafield ind1=" " ind2=" " tag="588"><subfield code="a">Description based on: Vol. 94, no. 1 (Jan. 4, 1984).</subfield></datafield><datafield ind1=" " ind2=" " tag="752"><subfield code="a">United States</subfield><subfield code="b">Pennsylvania</subfield><subfield code="c">Dauphin</subfield><subfield code="d">Middletown.</subfield></datafield><datafield ind1=" " ind2=" " tag="752"><subfield code="a">United States</subfield><subfield code="b">Pennsylvania</subfield><subfield code="c">Lancaster</subfield><subfield code="d">Elizabethtown.</subfield></datafield><datafield ind1="0" ind2=" " tag="775"><subfield code="t">Press and journal</subfield><subfield code="w">(DLC)sn 86083296</subfield></datafield></record>